@inproceedings{Maus2011PARL,
	title = {A full parallel radix sorting algorithm for multicore processors},
	author = {Arne Maus},
	publisher = {NIK'2011, Norwegian Informatics Conf, Kongsberg},
	address = {Norway},
	year = {2011}
}
@inproceedings{Maus2002ARL,
	title = {ARL , a faster in-place , cache friendly sorting algorithm},
	author = {Arne Maus},
	publisher = {NIK'2002, Norwegian Informatics Conf, Kongsberg},
	address = {Norway},
	year = {2002}
}
